@article{Bolotovskii:1957,
	author = {Б. М. Болотовский},
	title = {Теория эффекта Вавилова—Черенкова},
	publisher = {Успехи физических наук},
	year = {1957},
	journal = {Усп. физ. наук},
	volume = {62},
	number = {7},
	pages = {201-246},
	url = {https://ufn.ru/ru/articles/1957/7/a/},
	doi = {10.3367/UFNr.0062.195707a.0201}
}
